<record xmlns="http://www.loc.gov/MARC21/slim" xmlns:xsi="http://www.w3.org/2001/XMLSchema-instance" xsi:schemaLocation="http://www.loc.gov/MARC21/slim http://www.loc.gov/standards/marcxml/schema/MARC21slim.xsd"><leader>02361nam a2200397   4500</leader><controlfield tag="001">1944669</controlfield><controlfield tag="003">NIC</controlfield><controlfield tag="006">m        d        </controlfield><controlfield tag="007">cr cn |||m|||a</controlfield><controlfield tag="008">150116s1950    ua      o     000 0 ara d</controlfield><datafield ind1=" " ind2=" " tag="040"><subfield code="a">NNU</subfield><subfield code="b">eng</subfield><subfield code="e">rda</subfield><subfield code="c">NNU</subfield></datafield><datafield ind1="1" ind2=" " tag="100"><subfield code="6">880-01</subfield><subfield code="a">&#699;Abd al-H&#803;ami&#772;d, Muh&#803;ammad Muh&#803;yi&#772; al-Di&#772;n.</subfield></datafield><datafield ind1="1" ind2="3" tag="245"><subfield code="6">880-02</subfield><subfield code="a">al-Tuh&#803;fah al-sani&#772;yah bi-sharh&#803; al-muqaddamah al-A&#772;jjurru&#772;mi&#772;yah /</subfield><subfield code="c">ta&#700;li&#772;f Muh&#803;ammad Muh&#803;yi&#772; al-Di&#772;n &#699;Abd al-H&#803;ami&#772;d.</subfield></datafield><datafield ind1=" " ind2=" " tag="250"><subfield code="6">880-03</subfield><subfield code="a">al-T&#803;ab&#699;ah 7.</subfield></datafield><datafield ind1=" " ind2=" " tag="260"><subfield code="6">880-04</subfield><subfield code="a">al-Qa&#772;hirah :</subfield><subfield code="b">Yut&#803;lab min al-Maktabah al-Tija&#772;ri&#772;yah al-Kubra&#769;,</subfield><subfield code="c">1950</subfield><subfield code="e">([al-Qa&#772;hirah] :</subfield><subfield code="f">Mat&#803;ba&#699;at al-Sa&#699;a&#772;dah)</subfield></datafield><datafield ind1=" " ind2=" " tag="300"><subfield code="a">online resource (192 pages)</subfield></datafield><datafield ind1=" " ind2=" " tag="336"><subfield code="a">text</subfield><subfield code="2">rdacontent</subfield></datafield><datafield ind1=" " ind2=" " tag="337"><subfield code="a">computer</subfield><subfield code="2">rdamedia</subfield></datafield><datafield ind1=" " ind2=" " tag="338"><subfield code="a">online resource</subfield><subfield code="2">rdacarrier</subfield></datafield><datafield ind1=" " ind2=" " tag="500"><subfield code="a">Part of the Arabic Collections Online (ACO) project, contributed by Cornell University Libraries.</subfield></datafield><datafield ind1=" " ind2=" " tag="533"><subfield code="a">Electronic reproduction.</subfield><subfield code="b">New York, N.Y. :</subfield><subfield code="c">New York University,</subfield><subfield code="d">2015.</subfield><subfield code="5">NNU</subfield></datafield><datafield ind1="1" ind2="0" tag="600"><subfield code="6">880-05</subfield><subfield code="a">Ibn A&#772;jurru&#772;m, Muh&#803;ammad ibn Muh&#803;ammad,</subfield><subfield code="d">1273 or 1274-1323.</subfield><subfield code="t">Ajurru&#772;mi&#772;yah.</subfield></datafield><datafield ind1=" " ind2="0" tag="650"><subfield code="a">Arabic language</subfield><subfield code="x">Grammar</subfield><subfield code="v">Early works to 1800.</subfield></datafield><datafield ind1="1" ind2=" " tag="700"><subfield code="6">880-06</subfield><subfield code="a">Ibn A&#772;jurru&#772;m, Muh&#803;ammad ibn Muh&#803;ammad,</subfield><subfield code="d">1273 or 1274-1323.</subfield><subfield code="t">Ajurru&#772;mi&#772;yah.</subfield></datafield><datafield ind1="2" ind2=" " tag="710"><subfield code="a">Cornell University.</subfield><subfield code="b">Libraries.</subfield></datafield><datafield ind1="0" ind2=" " tag="730"><subfield code="a">Arabic Collections Online.</subfield></datafield><datafield ind1="0" ind2="8" tag="776"><subfield code="i">Print version:</subfield><subfield code="a">&#699;Abd al-H&#803;ami&#772;d, Muh&#803;ammad Muh&#803;yi&#772; al-Di&#772;n.</subfield><subfield code="t">al-Tuh&#803;fah al-sani&#772;yah bi-sharh&#803; al-muqaddamah al-A&#772;jjurru&#772;mi&#772;yah</subfield><subfield code="w">(NIC)1944669</subfield><subfield code="w">(OCoLC)64027275</subfield></datafield><datafield ind1="4" ind2="0" tag="856"><subfield code="u">http://hdl.handle.net/2333.1/3bk3jcq2</subfield></datafield><datafield ind1="1" ind2=" " tag="880"><subfield code="6">100-01/r</subfield><subfield code="a">&#1593;&#1576;&#1583; &#1575;&#1604;&#1581;&#1605;&#1610;&#1583;&#1548; &#1605;&#1581;&#1605;&#1583; &#1605;&#1581;&#1610;&#1610; &#1575;&#1604;&#1583;&#1610;&#1606;.</subfield></datafield><datafield ind1="1" ind2="2" tag="880"><subfield code="6">245-02/r</subfield><subfield code="a">&#1575;&#1604;&#1578;&#1581;&#1601;&#1577; &#1575;&#1604;&#1587;&#1606;&#1610;&#1577; &#1576;&#1588;&#1585;&#1581; &#1575;&#1604;&#1605;&#1602;&#1583;&#1605;&#1577; &#1575;&#1604;&#1575;&#1580;&#1585;&#1608;&#1605;&#1610;&#1577; /</subfield><subfield code="c">&#1578;&#1571;&#1604;&#1610;&#1601; &#1605;&#1581;&#1605;&#1583; &#1605;&#1581;&#1610;&#1610; &#1575;&#1604;&#1583;&#1610;&#1606; &#1593;&#1576;&#1583; &#1575;&#1604;&#1581;&#1605;&#1610;&#1583;.</subfield></datafield><datafield ind1=" " ind2=" " tag="880"><subfield code="6">250-03/r</subfield><subfield code="a">&#1575;&#1604;&#1591;&#1576;&#1593;&#1577; 7.</subfield></datafield><datafield ind1=" " ind2=" " tag="880"><subfield code="6">260-04/r</subfield><subfield code="a">&#1575;&#1604;&#1602;&#1575;&#1607;&#1585;&#1577; :</subfield><subfield code="b">&#1610;&#1591;&#1604;&#1576; &#1605;&#1606; &#1575;&#1604;&#1605;&#1603;&#1578;&#1576;&#1577; &#1575;&#1604;&#1578;&#1580;&#1575;&#1585;&#1610;&#1577; &#1575;&#1604;&#1603;&#1576;&#1585;&#1609;&#1548;</subfield><subfield code="c">1950</subfield><subfield code="e">([&#1575;&#1604;&#1602;&#1575;&#1607;&#1585;&#1577;] :</subfield><subfield code="f">&#1605;&#1591;&#1576;&#1593;&#1577; &#1575;&#1604;&#1587;&#1593;&#1575;&#1583;&#1607;)</subfield></datafield><datafield ind1="1" ind2="4" tag="880"><subfield code="6">600-05/r</subfield><subfield code="a">&#1575;&#1576;&#1606; &#1570;&#1580;&#1585;&#1608;&#1605;&#1548; &#1605;&#1581;&#1605;&#1583; &#1576;&#1606; &#1605;&#1581;&#1605;&#1583;&#1548; </subfield><subfield code="d">1273 or 1274-1323.</subfield><subfield code="t">&#1575;&#1580;&#1585;&#1608;&#1605;&#1610;&#1577;.</subfield></datafield><datafield ind1="1" ind2=" " tag="880"><subfield code="6">700-06/r</subfield><subfield code="a">&#1575;&#1576;&#1606; &#1570;&#1580;&#1585;&#1608;&#1605;&#1548; &#1605;&#1581;&#1605;&#1583; &#1576;&#1606; &#1605;&#1581;&#1605;&#1583;&#1548;</subfield><subfield code="d">1273 or 1274-1323.</subfield><subfield code="t">&#1575;&#1580;&#1585;&#1608;&#1605;&#1610;&#1577;.</subfield></datafield><datafield ind1=" " ind2=" " tag="959"><subfield code="a">NNU</subfield><subfield code="b">WEB</subfield><subfield code="c">GENI</subfield><subfield code="t">0</subfield><subfield code="m">Electronic access</subfield><subfield code="s">01</subfield></datafield><datafield ind1=" " ind2=" " tag="999"><subfield code="i">NIC_1944669</subfield><subfield code="o">(OCoLC)ocm64027275</subfield></datafield></record>